@online{WikipediaSigmoid,
  author = {Eric W. Weisstein},
  title = {Sigmoid Function},
  year = 2017,
  url = {http://mathworld.wolfram.com/SigmoidFunction.html},
}