
@inproceedings{Krizhevsky:2012:ICD:2999134.2999257,
 author = {Krizhevsky, Alex and Sutskever, Ilya and Hinton, Geoffrey E.},
 title = {ImageNet Classification with Deep Convolutional Neural Networks},
 booktitle = {Proceedings of the 25th International Conference on Neural Information Processing Systems - Volume 1},
 series = {NIPS'12},
 year = {2012},
 location = {Lake Tahoe, Nevada},
 pages = {1097--1105},
 numpages = {9},
 url = {http://dl.acm.org/citation.cfm?id=2999134.2999257},
 acmid = {2999257},
 publisher = {Curran Associates Inc.},
 address = {USA},
} 

@book{goodfellow_bengio_courville_2017, place={Cambridge, MA}, title={Deep learning}, publisher={The MIT Press}, author={Goodfellow, Ian and Bengio, Yoshua and Courville, Aaron}, year={2017}}

@book{bishop, title={Pattern recognition and machine learning}, publisher={Springer Verlag}, author={Bishop, Christopher}}

@book{murphy_2013, place={Cambridge, Mass.}, title={Machine learning: a probabilistic perspective}, publisher={MIT Press}, author={Murphy, Kevin P.}, year={2013}}

@article{kotsiantis2007supervised
,	title	= {Supervised Machine Learning: A Review of Classification Techniques}
,	author	= {Kotsiantis, SB}
,	journal	= {Informatica}
,	volume	= {31}
,	pages	= {249--268}
,	year	= {2007}
}

@book{breiman1984classification
,	title	= {Classification and regression trees}
,	author	= {Breiman, Leo and Friedman, Jerome and Stone, Charles J and Olshen, Richard A}
,	year	= {1984}
,	publisher	= {CRC press}
}

@article{quinlan1990decision
,	title	= {Decision trees and decision-making}
,	author	= {Quinlan, J Ross}
,	journal	= {Systems, Man and Cybernetics, IEEE Transactions on}
,	volume	= {20}
,	number	= {2}
,	pages	= {339--346}
,	year	= {1990}
,	publisher	= {IEEE}
}

@unknown{2003yang&webb,
author = {Yang, Ying and Webb, Geoffrey},
year = {2003},
month = {12},
pages = {440-452},
title = {On Why Discretization Works for Naive-Bayes Classifiers},
booktitle = {Proceedings of the 16th Australian Joint Conference on Artificial Intelligence}
}

@article{Bouckaert2004
,	author	= {Bouckaert, R}
,	journal	= {Advances in knowledge discovery and data}
,	title	= {Evaluating the replicability of significance tests for comparing learning algorithms}
,	year	= {2004}
}

@book{alpaydin2004introduction
,	title	= {Introduction to machine learning}
,	author	= {Alpaydin, E.}
,	year	= {2004}
,	publisher	= {The MIT Press}
}

@incollection{bottou-bousquet-2008,
  author = {Bottou, L\'{e}on and Bousquet, Olivier},
  title = {The Tradeoffs of Large Scale Learning},
  booktitle = {Advances in Neural Information Processing Systems},
  pages = {161--168},
  publisher = {NIPS Foundation (http://books.nips.cc)},
  year = {2008},
  editor = {Platt, J.C. and Koller, D. and Singer, Y. and Roweis, S.},
  volume = {20},
  url = {http://leon.bottou.org/papers/bottou-bousquet-2008},
}

@incollection{NIPS2016_6112,
title = {Deep Learning without Poor Local Minima},
author = {Kawaguchi, Kenji},
booktitle = {Advances in Neural Information Processing Systems 29},
editor = {D. D. Lee and M. Sugiyama and U. V. Luxburg and I. Guyon and R. Garnett},
pages = {586--594},
year = {2016},
publisher = {Curran Associates, Inc.},
url = {http://papers.nips.cc/paper/6112-deep-learning-without-poor-local-minima.pdf}
}

@misc{ruder_2017, title={An overview of gradient descent optimization algorithms}, url={http://ruder.io/optimizing-gradient-descent/index.html#gradientdescentoptimizationalgorithms}, journal={Sebastian Ruder}, publisher={Sebastian Ruder}, author={Ruder, Sebastian}, year={2017}, month={Dec}}

@inproceedings{sutton:problems,
  added-at = {2008-02-26T11:58:58.000+0100},
  author = {Sutton, Richard S.},
  biburl = {https://www.bibsonomy.org/bibtex/2c6102b6afaca7b482f471c196364c2be/schaul},
  booktitle = {{P}roceedings of the Eighth Annual Conference of the Cognitive Science Society},
  citeulike-article-id = {2379404},
  description = {idsia},
  interhash = {b64b1b7fa1df359b59c0daf96b30c462},
  intrahash = {c6102b6afaca7b482f471c196364c2be},
  key = {COGSCI},
  keywords = {nn},
  priority = {2},
  publisher = {Hillsdale, NJ: Erlbaum},
  timestamp = {2008-02-26T12:02:08.000+0100},
  title = {Two Problems with Backpropagation and Other Steepest-Descent Learning Procedures for Networks},
  year = 1986
}

@article{nesterov
,	author	= {Nesterov, Y}
,	journal	= {Doklady ANSSSR (translated as Soviet.Math.Docl.), vol. 269, pp. 543– 547}
,	title	= {A method for unconstrained convex minimization problem with the rate of convergence o(1/k2)}
,	year	= {1983}
}

@article{Duchi:2011:ASM:1953048.2021068,
 author = {Duchi, John and Hazan, Elad and Singer, Yoram},
 title = {Adaptive Subgradient Methods for Online Learning and Stochastic Optimization},
 journal = {J. Mach. Learn. Res.},
 issue_date = {2/1/2011},
 volume = {12},
 month = jul,
 year = {2011},
 issn = {1532-4435},
 pages = {2121--2159},
 numpages = {39},
 url = {http://dl.acm.org/citation.cfm?id=1953048.2021068},
 acmid = {2021068},
 publisher = {JMLR.org},
} 

@incollection{NIPS2012_4687
,	title	= {Large Scale Distributed Deep Networks}
,	author	= {Jeffrey Dean and Greg Corrado and Rajat Monga and Chen, Kai and Matthieu Devin and Mark Mao and Marc\\textquotesingle aurelio Ranzato and Andrew Senior and Paul Tucker and Ke Yang and Quoc V. Le and Andrew Y. Ng}
,	booktitle	= {Advances in Neural Information Processing Systems 25}
,	editor	= {F. Pereira and C.J.C. Burges and L. Bottou and K.Q. Weinberger}
,	pages	= {1223--1231}
,	year	= {2012}
,	publisher	= {Curran Associates, Inc.}
}

@article{freund1999large
,	title	= {Large margin classification using the perceptron algorithm}
,	author	= {Freund, Yoav and Schapire, Robert E}
,	journal	= {Machine learning}
,	volume	= {37}
,	number	= {3}
,	pages	= {277--296}
,	year	= {1999}
,	publisher	= {Springer}
}

@misc{gupta_bansal_srivastava_jain_2017, title={Fundamentals of Deep Learning - Activation Functions and their use}, url={https://www.analyticsvidhya.com/blog/2017/10/fundamentals-deep-learning-activation-functions-when-to-use-them/}, journal={Analytics Vidhya}, author={Gupta, Dishashree and Bansal, Shivam and Srivastava, Pranjal and Jain, Shubham}, year={2017}, month={Oct}}

@article{hubel1968receptive
,	title	= {Receptive fields and functional architecture of monkey striate cortex}
,	author	= {Hubel, D.H. and Wiesel, T.N.}
,	journal	= {The Journal of physiology}
,	volume	= {195}
,	number	= {1}
,	pages	= {215--243}
,	year	= {1968}
,	publisher	= {Physiological Soc}
}

@article{cun_jackel_boser_denker_graf_guyon_henderson_howard_hubbard_1990, title={Handwritten Digit Recognition: Applications of Neural Net Chips and Automatic Learning}, DOI={10.1007/978-3-642-76153-9_35}, journal={Neurocomputing}, author={Cun, Y. Le and Jackel, L. D. and Boser, B. and Denker, J. S. and Graf, H. P. and Guyon, I. and Henderson, D. and Howard, R. E. and Hubbard, W.}, year={1990}, pages={303–318}}

@article{DBLP:journals/corr/SzegedyLJSRAEVR14
,	author	= {Christian Szegedy and
               Wei Liu and
               Yangqing Jia and
               Pierre Sermanet and
               Scott Reed and
               Dragomir Anguelov and
               Dumitru Erhan and
               Vincent Vanhoucke and
               Andrew Rabinovich}
,	title	= {Going Deeper with Convolutions}
,	journal	= {CoRR}
,	volume	= {abs/1409.4842}
,	year	= {2014}
}

@article{he_zhang_ren_sun_2016, title={Deep Residual Learning for Image Recognition}, DOI={10.1109/cvpr.2016.90}, journal={2016 IEEE Conference on Computer Vision and Pattern Recognition (CVPR)}, author={He, Kaiming and Zhang, Xiangyu and Ren, Shaoqing and Sun, Jian}, year={2016}}

@misc{colah, title={Understanding LSTM Networks}, url={http://colah.github.io/posts/2015-08-Understanding-LSTMs/}, journal={Understanding LSTM Networks -- colah's blog}}

@ARTICLE{lstm
,	author	= {Hochreiter, S and Schmidhuber, J}
,	journal	= {Neural Computation}
,	title	= {Long Short-Term Memory}
,	year	= {1997}
,	month	= {Nov}
,	volume	= {9}
,	number	= {8}
,	pages	= {1735-1780}
,	doi	= {10.1162/neco.1997.9.8.1735}
,	issn	= {0899-7667}
}

@article{platt1998sequential
,	title	= {Sequential minimal optimization: A fast algorithm for training support vector machines}
,	author	= {Platt, John and others}
,	year	= {1998}
,	publisher	= {technical report msr-tr-98-14, Microsoft Research}
}

@book{mitchell_2017, place={New York}, title={Machine learning}, publisher={McGraw Hill}, author={Mitchell, Tom M.}, year={2017}}

@article{bentley_1975, title={Multidimensional binary search trees used for associative searching}, volume={18}, DOI={10.1145/361002.361007}, number={9}, journal={Communications of the ACM}, author={Bentley, Jon Louis}, year={1975}, month={Jan}, pages={509–517}}

