@online{WikipediaPoisson,
  title = {Poisson distribution},
  year = 2017,
  url = {https://en.wikipedia.org/wiki/Poisson_distribution#Maximum_likelihood},
  urldate = {2017-09-08}
}