@online{Stanford,
  title = {Regularization: Ridge Regression and the LASSO},
  year = 2006,
  url = {http://statweb.stanford.edu/~tibs/sta305files/Rudyregularization.pdf},
  urldate = {2006-11-29}
}